<record><leader>00000cas a22000007a 4500</leader><controlfield tag="001">36889134</controlfield><controlfield tag="008">970512d19091918okuwr n       0    0eng d</controlfield><datafield ind1=" " ind2=" " tag="010"><subfield code="a">sn 97064872 </subfield></datafield><datafield ind1=" " ind2=" " tag="040"><subfield code="a">OBN</subfield><subfield code="b">eng</subfield><subfield code="c">OBN</subfield><subfield code="d">OCLCQ</subfield><subfield code="d">OCLCF</subfield><subfield code="d">OCLCO</subfield></datafield><datafield ind1="1" ind2=" " tag="029"><subfield code="a">AU@</subfield><subfield code="b">000013251043</subfield></datafield><datafield ind1=" " ind2=" " tag="042"><subfield code="a">msc</subfield></datafield><datafield ind1="0" ind2=" " tag="130"><subfield code="a">Ponca City democrat (Weekly : 1909)</subfield></datafield><datafield ind1="0" ind2="0" tag="245"><subfield code="a">Ponca City democrat.</subfield></datafield><datafield ind1=" " ind2=" " tag="260"><subfield code="a">Ponca City, Kay County, Okla. :</subfield><subfield code="b">Al C. Smith</subfield></datafield><datafield ind1=" " ind2=" " tag="300"><subfield code="a">v.</subfield></datafield><datafield ind1=" " ind2=" " tag="310"><subfield code="a">Weekly</subfield></datafield><datafield ind1="0" ind2=" " tag="362"><subfield code="a">Vol. 16, no. 37 (May 20, 1909)-v. 24, no. 24 (Nov. 21, 1918).</subfield></datafield><datafield ind1=" " ind2="0" tag="651"><subfield code="a">Ponca City (Okla.)</subfield><subfield code="v">Newspapers.</subfield></datafield><datafield ind1=" " ind2="0" tag="651"><subfield code="a">Kay County (Okla.)</subfield><subfield code="v">Newspapers.</subfield></datafield><datafield ind1=" " ind2="7" tag="655"><subfield code="a">Newspapers.</subfield><subfield code="2">fast</subfield><subfield code="0">(OCoLC)fst01423814</subfield></datafield><datafield ind1=" " ind2="7" tag="651"><subfield code="a">Oklahoma</subfield><subfield code="z">Kay County.</subfield><subfield code="2">fast</subfield><subfield code="0">(OCoLC)fst01206445</subfield></datafield><datafield ind1=" " ind2="7" tag="651"><subfield code="a">Oklahoma</subfield><subfield code="z">Ponca City.</subfield><subfield code="2">fast</subfield><subfield code="0">(OCoLC)fst01220330</subfield></datafield><datafield ind1="0" ind2=" " tag="775"><subfield code="t">Ponca City democrat (Daily : 1912)</subfield><subfield code="w">(DLC)sn 97064873</subfield><subfield code="w">(OCoLC)36889500</subfield></datafield><datafield ind1="0" ind2="0" tag="780"><subfield code="t">Ponca City democrat and the Bliss breeze</subfield><subfield code="w">(DLC)sn 97064871</subfield><subfield code="w">(OCoLC)36889010</subfield></datafield></record>